<?xml version="1.0" encoding="UTF-8"?><collection xmlns="http://www.loc.gov/MARC21/slim"><record><leader>00429nam--2200145-i-4500</leader><controlfield tag="001">000001458</controlfield><controlfield tag="002">20161230</controlfield><controlfield tag="005">20161230201024</controlfield><controlfield tag="008">060222s1000------------r-----000-0-eng-d</controlfield><datafield ind1=" " ind2=" " tag="080"><subfield code="a">51-74</subfield></datafield><datafield ind1=" " ind2=" " tag="100"><subfield code="a">Erdelyi, Arthur /S.A.</subfield></datafield><datafield ind1=" " ind2=" " tag="245"><subfield code="a">Modern mathematics for the engineer</subfield></datafield><datafield ind1=" " ind2=" " tag="260"><subfield code="a">New York, Mcgraw-hill Book Company, Inc., 1961 Xviii + 456 P</subfield></datafield><datafield ind1=" " ind2=" " tag="490"><subfield code="a">University Of California Enginering Extension Series</subfield></datafield><datafield ind1=" " ind2=" " tag="852"><subfield code="a">75390</subfield></datafield></record></collection>